{
  "leader": "02382cam a2200361Ii 4500",
  "fields": [
    {
      "001": "ocm02609281\\"
    },
    {
      "003": "OCoLC"
    },
    {
      "005": "20220104093010.0"
    },
    {
      "008": "761209s1934\\\\\\\\nyua\\\\\\\\\\b\\\\\\\\000\\0\\engx\\"
    },
    {
      "010": {
        "ind1": "\\",
        "ind2": "\\",
        "subfields": [
          {
            "a": "   34021128 "
          }
        ]
      }
    },
    {
      "040": {
        "ind1": "\\",
        "ind2": "\\",
        "subfields": [
          {
            "a": "DLC"
          },
          {
            "b": "eng"
          },
          {
            "c": "AKC"
          },
          {
            "d": "AKC"
          },
          {
            "d": "OCL"
          },
          {
            "d": "OCLCG"
          },
          {
            "d": "CLU"
          },
          {
            "d": "CHRRO"
          },
          {
            "d": "OCLCF"
          },
          {
            "d": "OCLCQ"
          },
          {
            "d": "MXL"
          },
          {
            "d": "OCLCO"
          }
        ]
      }
    },
    {
      "019": {
        "ind1": "\\",
        "ind2": "\\",
        "subfields": [
          {
            "a": "717894273"
          },
          {
            "a": "988494004"
          }
        ]
      }
    },
    {
      "035": {
        "ind1": "\\",
        "ind2": "\\",
        "subfields": [
          {
            "a": "(OCoLC)2609281"
          },
          {
            "z": "(OCoLC)717894273"
          },
          {
            "z": "(OCoLC)988494004"
          }
        ]
      }
    },
    {
      "050": {
        "ind1": "0",
        "ind2": "4",
        "subfields": [
          {
            "a": "BX8"
          },
          {
            "b": ".D66"
          }
        ]
      }
    },
    {
      "072": {
        "ind1": "\\",
        "ind2": "7",
        "subfields": [
          {
            "a": "s1th"
          },
          {
            "2": "rero"
          }
        ]
      }
    },
    {
      "082": {
        "ind1": "0",
        "ind2": "4",
        "subfields": [
          {
            "a": "270.82"
          },
          {
            "b": "DOU"
          }
        ]
      }
    },
    {
      "100": {
        "ind1": "1",
        "ind2": "\\",
        "subfields": [
          {
            "a": "Douglass, H. Paul"
          },
          {
            "q": "(Harlan Paul),"
          },
          {
            "d": "1871-1953."
          }
        ]
      }
    },
    {
      "245": {
        "ind1": "1",
        "ind2": "0",
        "subfields": [
          {
            "a": "Church unity movements in the United States /"
          },
          {
            "c": "H. Paul Douglass ..."
          }
        ]
      }
    },
    {
      "260": {
        "ind1": "\\",
        "ind2": "\\",
        "subfields": [
          {
            "a": "New York :"
          },
          {
            "b": "Institute of Social and Religious Research,"
          },
          {
            "c": "[\u00a91934]"
          }
        ]
      }
    },
    {
      "300": {
        "ind1": "\\",
        "ind2": "\\",
        "subfields": [
          {
            "a": "xxxviii, 576 pages :"
          },
          {
            "b": "illustrations ;"
          },
          {
            "c": "24 cm"
          }
        ]
      }
    },
    {
      "336": {
        "ind1": "\\",
        "ind2": "\\",
        "subfields": [
          {
            "a": "text"
          },
          {
            "b": "txt"
          },
          {
            "2": "rdacontent"
          }
        ]
      }
    },
    {
      "337": {
        "ind1": "\\",
        "ind2": "\\",
        "subfields": [
          {
            "a": "unmediated"
          },
          {
            "b": "n"
          },
          {
            "2": "rdamedia"
          }
        ]
      }
    },
    {
      "338": {
        "ind1": "\\",
        "ind2": "\\",
        "subfields": [
          {
            "a": "volume"
          },
          {
            "b": "nc"
          },
          {
            "2": "rdacarrier"
          }
        ]
      }
    },
    {
      "500": {
        "ind1": "\\",
        "ind2": "\\",
        "subfields": [
          {
            "a": "\"The Institute of social and religious research ... is responsible for this publication.\"--Page [ii]."
          }
        ]
      }
    },
    {
      "504": {
        "ind1": "\\",
        "ind2": "\\",
        "subfields": [
          {
            "a": "Includes bibliographical references."
          }
        ]
      }
    },
    {
      "505": {
        "ind1": "0",
        "ind2": "\\",
        "subfields": [
          {
            "a": "Part One. Objective trends and popular reactions -- I. The fact and measure of the church's division -- II. Division and integration in American church history -- III. Partial unions in twentieth century America -- IV. How far has unity come with the rank and file? -- V. Limits to further unity -- Part Two. Ecclesiastical thinking and proposals -- VII. Issues underlying church unity -- VIII. Movements and proposals for church union -- IX. The church and its unity -- X. Unity in life and work -- XI. Unity in faith -- XII. Unity in order -- XIII. Agreement and disagreement on theologically formulated issues -- Part Three. Prospects of church union -- XIV. The probability of church union in the United States -- XV. Lay attitudes: Youth and age -- XVI. Denominational differences as bearing upon the probability of union -- XVII. The strategy of church union."
          }
        ]
      }
    },
    {
      "650": {
        "ind1": "\\",
        "ind2": "0",
        "subfields": [
          {
            "a": "Christian union."
          }
        ]
      }
    },
    {
      "650": {
        "ind1": "\\",
        "ind2": "7",
        "subfields": [
          {
            "a": "Christian union."
          },
          {
            "2": "fast"
          },
          {
            "0": "(OCoLC)fst00859554"
          }
        ]
      }
    },
    {
      "710": {
        "ind1": "2",
        "ind2": "\\",
        "subfields": [
          {
            "a": "Institute of Social and Religious Research."
          }
        ]
      }
    },
    {
      "776": {
        "ind1": "0",
        "ind2": "8",
        "subfields": [
          {
            "i": "Online version:"
          },
          {
            "a": "Douglass, H. Paul (Harlan Paul), 1871-1953."
          },
          {
            "t": "Church unity movements in the United States."
          },
          {
            "d": "New York, Institute of Social and Religious Research, [\u00a91934]"
          },
          {
            "w": "(OCoLC)1045079595"
          }
        ]
      }
    },
    {
      "994": {
        "ind1": "\\",
        "ind2": "\\",
        "subfields": [
          {
            "a": "Z0"
          },
          {
            "b": "NYRVC"
          }
        ]
      }
    },
    {
      "948": {
        "ind1": "\\",
        "ind2": "\\",
        "subfields": [
          {
            "h": "NO HOLDINGS IN NYRVC - 214 OTHER HOLDINGS"
          }
        ]
      }
    },
    {
      "999": {
        "ind1": "\\",
        "ind2": "\\",
        "subfields": [
          {
            "a": "00000000015132"
          }
        ]
      }
    }
  ]
}